@article{li2016privacy,
  title={Privacy protection for preventing data over-collection in smart city},
  author={Li, Yibin and Dai, Wenyun and Ming, Zhong and Qiu, Meikang},
  journal={IEEE Transactions on Computers},
  volume={65},
  number={5},
  pages={1339--1350},
  year={2016},
  publisher={IEEE}
}

@article{bloustein1964privacy,
  title={Privacy as an aspect of human dignity: An answer to Dean Prosser},
  author={Bloustein, Edward J},
  journal={NYUL Rev.},
  volume={39},
  pages={962},
  year={1964},
  publisher={HeinOnline}
}

@inproceedings{ganesh2007decision,
  title={A decision procedure for bit-vectors and arrays},
  author={Ganesh, Vijay and Dill, David L},
  booktitle={International Conference on Computer Aided Verification},
  pages={519--531},
  year={2007},
  organization={Springer}
}

@inproceedings{barrett2004cvc,
  title={CVC Lite: A new implementation of the cooperating validity checker},
  author={Barrett, Clark and Berezin, Sergey},
  booktitle={International Conference on Computer Aided Verification},
  pages={515--518},
  year={2004},
  organization={Springer}
}

@inproceedings{lahiri2004uclid,
  title={The UCLID decision procedure},
  author={Lahiri, Shuvendu K and Seshia, Sanjit A},
  booktitle={International Conference on Computer Aided Verification},
  pages={475--478},
  year={2004},
  organization={Springer}
}

@inproceedings{barrett1996validity,
  title={Validity checking for combinations of theories with equality},
  author={Barrett, Clark and Dill, David and Levitt, Jeremy},
  booktitle={Formal Methods In Computer-Aided Design},
  pages={187--201},
  year={1996},
  organization={Springer}
}

@inproceedings{dutertre2006fast,
  title={A fast linear-arithmetic solver for DPLL (T)},
  author={Dutertre, Bruno and De Moura, Leonardo},
  booktitle={International Conference on Computer Aided Verification},
  pages={81--94},
  year={2006},
  organization={Springer}
}

@book{spinreferencemanualbook,
    author    = {Holzmann, Gerard J.},
    title     = {The SPIN Model Checker - Primer and Reference Manual},
    publisher = {Lucent Technologies Inc., Bell Laboratories},
    year      = {2004}
}

@book{decisionproceduresbook,
    author    = {Kroening, Daniel and Strichman, Ofer},
    title     = {Decision Procedures},
    publisher = {Springer},
    year      = {2008}
}

@article{al2012security,
  title={Security and privacy issues in wireless sensor networks for healthcare applications},
  author={Al Ameen, Moshaddique and Liu, Jingwei and Kwak, Kyungsup},
  journal={Journal of medical systems},
  volume={36},
  number={1},
  pages={93--101},
  year={2012},
  publisher={Springer}
}

@techreport{samarati1998protecting,
  title={Protecting privacy when disclosing information: k-anonymity and its enforcement through generalization and suppression},
  author={Samarati, Pierangela and Sweeney, Latanya},
  year={1998},
  institution={Technical report, SRI International}
}

@incollection{slijepcevic2004security,
  title={Security and privacy protection in wireless sensor networks},
  author={Slijepcevic, Sasha and Potkonjak, Miodrag and Wong, Jennifer L},
  booktitle={Handbook of sensor networks: compact wireless and wired sensing systems},
  year={2004},
  publisher={CRC Press}
}

@article{chan2003security,
  title={Security and privacy in sensor networks},
  author={Chan, Haowen and Perrig, Adrian},
  journal={computer},
  volume={36},
  number={10},
  pages={103--105},
  year={2003},
  publisher={IEEE}
}

@article{pierce1997foundational,
  title={Foundational Calculi for Programming Languages.},
  author={Pierce, Benjamin C},
  journal={The Computer Science and Engineering Handbook},
  volume={1997},
  pages={2190--2207},
  year={1997}
}

@inproceedings{nestmann2003modeling,
  title={Modeling consensus in a process calculus},
  author={Nestmann, Uwe and Fuzzati, Rachele and Merro, Massimo},
  booktitle={International Conference on Concurrency Theory},
  pages={399--414},
  year={2003},
  organization={Springer}
}

@article{ramamoorthy1980performance,
  title={Performance evaluation of asynchronous concurrent systems using Petri nets},
  author={Ramamoorthy, CV and Ho, Gary S.},
  journal={IEEE Transactions on software Engineering},
  number={5},
  pages={440--449},
  year={1980},
  publisher={IEEE}
}

@article{cadar2008exe,
  title={EXE: automatically generating inputs of death},
  author={Cadar, Cristian and Ganesh, Vijay and Pawlowski, Peter M and Dill, David L and Engler, Dawson R},
  journal={ACM Transactions on Information and System Security (TISSEC)},
  volume={12},
  number={2},
  pages={10},
  year={2008},
  publisher={ACM}
}

@inproceedings{newsome2006replayer,
  title={Replayer: Automatic protocol replay by binary analysis},
  author={Newsome, James and Brumley, David and Franklin, Jason and Song, Dawn},
  booktitle={Proceedings of the 13th ACM conference on Computer and communications security},
  pages={311--321},
  year={2006},
  organization={ACM}
}

@article{pfitzmann2010z,
  title={A terminology for talking about privacy by data minimization: Anonymity, unlinkability, undetectability, unobservability, pseudonymity, and identity management},
  author={Pfitzmann, Andreas and Hansen, Marit},
  year={2010}
}

@article{danezis2015privacy,
  title={Privacy and Data Protection by Design-from policy to engineering},
  author={Danezis, George and Domingo-Ferrer, Josep and Hansen, Marit and Hoepman, Jaap-Henk and Metayer, Daniel Le and Tirtea, Rodica and Schiffner, Stefan},
  journal={arXiv preprint arXiv:1501.03726},
  year={2015}
}

@misc{chicago2016,
   author = {Amina Elahi},
   title = {City seeks input on privacy policy for Array of Things sensor network},
   editor = {Chicagotribune.com},
   month = {June},
   year = {2016},
   note = {[Online; posted 10-June-2016]},
   url={http://www.chicagotribune.com/bluesky/originals/ct-array-of-things-privacy-policy-bsi-20160610-story.html}
}

@article{miorandi2012internet,
  title={Internet of things: Vision, applications and research challenges},
  author={Miorandi, Daniele and Sicari, Sabrina and De Pellegrini, Francesco and Chlamtac, Imrich},
  journal={Ad Hoc Networks},
  volume={10},
  number={7},
  pages={1497--1516},
  year={2012},
  publisher={Elsevier}
}

@inproceedings{chong2005language,
  title={Language-based information erasure},
  author={Chong, Stephen and Myers, Andrew C},
  booktitle={Computer Security Foundations, 2005. CSFW-18 2005. 18th IEEE Workshop},
  pages={241--254},
  year={2005},
  organization={IEEE}
}

@article{hansen2004privacy,
  title={Privacy-enhancing identity management},
  author={Hansen, Marit and Berlich, Peter and Camenisch, Jan and Clau{\ss}, Sebastian and Pfitzmann, Andreas and Waidner, Michael},
  journal={Information security technical report},
  volume={9},
  number={1},
  pages={35--44},
  year={2004},
  publisher={Elsevier}
}

@article{bjesse2005formal,
  title={What is formal verification?},
  author={Bjesse, Per},
  journal={ACM SIGDA Newsletter},
  volume={35},
  number={24},
  pages={1},
  year={2005},
  publisher={ACM}
}

@article{holzmann1997model,
  title={The model checker SPIN},
  author={Holzmann, Gerard J},
  journal={IEEE Transactions on software engineering},
  volume={23},
  number={5},
  pages={279},
  year={1997},
  publisher={IEEE Computer Society}
}

@inproceedings{min2001low,
  title={Low-power wireless sensor networks},
  author={Min, Rex and Bhardwaj, Manish and Cho, Seong-Hwan and Shih, Eugene and Sinha, Amit and Wang, Alice and Chandrakasan, Anantha},
  booktitle={VLSI Design, 2001. Fourteenth International Conference on},
  pages={205--210},
  year={2001},
  organization={IEEE}
}

@article{sohrabi2000protocols,
  title={Protocols for self-organization of a wireless sensor network},
  author={Sohrabi, Katayoun and Gao, Jay and Ailawadhi, Vishal and Pottie, Gregory J},
  journal={IEEE personal communications},
  volume={7},
  number={5},
  pages={16--27},
  year={2000},
  publisher={IEEE}
}

@inproceedings{intanagonwiwat2000directed,
  title={Directed diffusion: A scalable and robust communication paradigm for sensor networks},
  author={Intanagonwiwat, Chalermek and Govindan, Ramesh and Estrin, Deborah},
  booktitle={Proceedings of the 6th annual international conference on Mobile computing and networking},
  pages={56--67},
  year={2000},
  organization={ACM}
}

@article{wsnsurvey,
  title={Wireless sensor networks: a survey},
  author={Akyildiz, Ian F and Su, Weilian and Sankarasubramaniam, Yogesh and Cayirci, Erdal},
  journal={Computer networks},
  volume={38},
  number={4},
  pages={393--422},
  year={2002},
  publisher={Elsevier}
}

@article{NuSVMmodelchecker,
  title={NuSMV: a new symbolic model checker},
  author={Cimatti, Alessandro and Clarke, Edmund and Giunchiglia, Fausto and Roveri, Marco},
  journal={International Journal on Software Tools for Technology Transfer},
  volume={2},
  number={4},
  pages={410--425},
  year={2000},
  publisher={Springer}
}

@article{comparespinuppaal,
  title={Analyzing a $\chi$ model of a turntable system using Spin, CADP and Uppaal},
  author={Bortnik, Elena and Tr{\v{c}}ka, Nikola and Wijs, Anton J and Luttik, Bas and van de Mortel-Fronczak, Joanna M and Baeten, Jos CM and Fokkink, Willem J and Rooda, JE},
  journal={The Journal of Logic and Algebraic Programming},
  volume={65},
  number={2},
  pages={51--104},
  year={2005},
  publisher={Elsevier}
}

@inproceedings{ertin2011autosense,
  title={AutoSense: unobtrusively wearable sensor suite for inferring the onset, causality, and consequences of stress in the field},
  author={Ertin, Emre and Stohs, Nathan and Kumar, Santosh and Raij, Andrew and al'Absi, Mustafa and Shah, Siddharth},
  booktitle={Proceedings of the 9th ACM Conference on Embedded Networked Sensor Systems},
  pages={274--287},
  year={2011},
  organization={ACM}
}

@article{darwish2011wearable,
  title={Wearable and implantable wireless sensor network solutions for healthcare monitoring},
  author={Darwish, Ashraf and Hassanien, Aboul Ella},
  journal={Sensors},
  volume={11},
  number={6},
  pages={5561--5595},
  year={2011},
  publisher={Molecular Diversity Preservation International}
}

@article{perrig2004security,
  title={Security in wireless sensor networks},
  author={Perrig, Adrian and Stankovic, John and Wagner, David},
  journal={Communications of the ACM},
  volume={47},
  number={6},
  pages={53--57},
  year={2004},
  publisher={ACM}
}

@inproceedings{merrill2003collaborative,
  title={Collaborative networking requirements for unattended ground sensor systems},
  author={Merrill, Willial M and Newberg, Fredric and Sohrabi, Katht and Kaiser, William and Pottie, Greg},
  booktitle={Aerospace Conference, 2003. Proceedings. 2003 IEEE},
  volume={5},
  pages={5\_2153--5\_2165},
  year={2003},
  organization={IEEE}
}

@inproceedings{baggio2005wireless,
  title={Wireless sensor networks in precision agriculture},
  author={Baggio, Aline},
  booktitle={ACM Workshop on Real-World Wireless Sensor Networks (REALWSN 2005), Stockholm, Sweden},
  year={2005},
  organization={Citeseer}
}

@inproceedings{vardhan2000wireless,
  title={Wireless integrated network sensors (WINS): distributed in situ sensing for mission and flight systems},
  author={Vardhan, Sandeep and Wilczynski, Matt and Portie, GJ and Kaiser, William J},
  booktitle={Aerospace Conference Proceedings, 2000 IEEE},
  volume={7},
  pages={459--463},
  year={2000},
  organization={IEEE}
}

@article{khedo2010wireless,
  title={A wireless sensor network air pollution monitoring system},
  author={Khedo, Kavi K and Perseedoss, Rajiv and Mungur, Avinash and others},
  journal={arXiv preprint arXiv:1005.1737},
  year={2010}
}

@article{collier2010acoustic,
  title={Acoustic localization of antbirds in a Mexican rainforest using a wireless sensor network},
  author={Collier, Travis C and Kirschel, Alexander NG and Taylor, Charles E},
  journal={The Journal of the Acoustical Society of America},
  volume={128},
  number={1},
  pages={182--189},
  year={2010},
  publisher={ASA}
}

@inproceedings{estrin1999next,
  title={Next century challenges: Scalable coordination in sensor networks},
  author={Estrin, Deborah and Govindan, Ramesh and Heidemann, John and Kumar, Satish},
  booktitle={Proceedings of the 5th annual ACM/IEEE international conference on Mobile computing and networking},
  pages={263--270},
  year={1999},
  organization={ACM}
}

@article{akyildiz2007survey,
  title={A survey on wireless multimedia sensor networks},
  author={Akyildiz, Ian F and Melodia, Tommaso and Chowdhury, Kaushik R},
  journal={Computer networks},
  volume={51},
  number={4},
  pages={921--960},
  year={2007},
  publisher={Elsevier}
}

@article{schaar2010privacy,
  title={Privacy by design},
  author={Schaar, Peter},
  journal={Identity in the Information Society},
  volume={3},
  number={2},
  pages={267--274},
  year={2010},
  publisher={Springer}
}

@inproceedings{barnickel2010security,
  title={Security and privacy for mobile electronic health monitoring and recording systems},
  author={Barnickel, Johannes and Karahan, Hakan and Meyer, Ulrike},
  booktitle={World of Wireless Mobile and Multimedia Networks (WoWMoM), 2010 IEEE International Symposium on a},
  pages={1--6},
  year={2010},
  organization={IEEE}
}

@article{baeten2005brief,
  title={A brief history of process algebra},
  author={Baeten, Jos CM},
  journal={Theoretical Computer Science},
  volume={335},
  number={2-3},
  pages={131--146},
  year={2005},
  publisher={Elsevier}
}

@misc{websiteEu,
      author = {European Data Protection Supervisor},
      title = {Regulation (EC) NO 45/2001},
      month = {December},
      year = {2000},
      url = {https://secure.edps.europa.eu/EDPSWEB/edps/EDPS/Dataprotection/Glossary/pid/74}
}

@article{peled1996algorithmic,
  title={An algorithmic approach for checking closure properties of $\omega$-regular languages},
  author={Peled, Doron and Wilke, Thomas and Wolper, Pierre},
  journal={CONCUR'96: Concurrency Theory},
  pages={596--610},
  year={1996},
  publisher={Springer}
}

@book{clarke1999model,
  title={Model checking},
  author={Clarke, Edmund M and Grumberg, Orna and Peled, Doron},
  year={1999},
  publisher={MIT press}
}

@inproceedings{uppaalanalysis,
  title={A formal analysis of the web services atomic transaction protocol with UPPAAL},
  author={Ravn, Anders P and Srba, Ji{\v{r}}{\'\i} and Vighio, Saleem},
  booktitle={International Symposium On Leveraging Applications of Formal Methods, Verification and Validation},
  pages={579--593},
  year={2010},
  organization={Springer}
}

@article{weber2010internet,
  title={Internet of Things--New security and privacy challenges},
  author={Weber, Rolf H},
  journal={Computer law \& security review},
  volume={26},
  number={1},
  pages={23--30},
  year={2010},
  publisher={Elsevier}
}