This reference is a compact reference from several directives from the EU. Should reference the others aswell I presume.
@misc{website:europa.eu,
      author = {European Data Protection Supervisor},
      title = {Regulation (EC) NO 45/2001},
      month = {December},
      year = {2000},
      url = {https://secure.edps.europa.eu/EDPSWEB/ edps/EDPS/Dataprotection/Glossary/pid/74}
},

@article{bjesse2005formal,
  title={What is formal verification?},
  author={Bjesse, Per},
  journal={ACM SIGDA Newsletter},
  volume={35},
  number={24},
  pages={1},
  year={2005},
  publisher={ACM}
}

@article{holzmann1997model,
  title={The model checker SPIN},
  author={Holzmann, Gerard J},
  journal={IEEE Transactions on software engineering},
  volume={23},
  number={5},
  pages={279},
  year={1997},
  publisher={IEEE Computer Society}
}

@article{li2016privacy,
  title={Privacy protection for preventing data over-collection in smart city},
  author={Li, Yibin and Dai, Wenyun and Ming, Zhong and Qiu, Meikang},
  journal={IEEE Transactions on Computers},
  volume={65},
  number={5},
  pages={1339--1350},
  year={2016},
  publisher={IEEE}
}

@article{WSN_a_survey,
  title={Wireless sensor networks: a survey},
  author={Akyildiz, Ian F and Su, Weilian and Sankarasubramaniam, Yogesh and Cayirci, Erdal},
  journal={Computer networks},
  volume={38},
  number={4},
  pages={393--422},
  year={2002},
  publisher={Elsevier}
}

@book{spinreferencemanualbook,
    author    = "Holzmann, Gerard J.",
    title     = "The SPIN Model Checker - Primer and Reference Manual",
    publisher = "Lucent Technologies Inc., Bell Laboratories",
    year      = "2004"
}

@book{decisionproceduresbook,
    author    = "Kroening, Daniel and Strichman, Ofer",
    title     = "Decision Procedures",
    publisher = "Springer",
    year      = "2008"
}

@book{clarke1999model,
  title={Model checking},
  author={Clarke, Edmund M and Grumberg, Orna and Peled, Doron},
  year={1999},
  publisher={MIT press}
}

@inproceedings{uppaal_analysis,
  title={A formal analysis of the web services atomic transaction protocol with UPPAAL},
  author={Ravn, Anders P and Srba, Ji{\v{r}}{\'\i} and Vighio, Saleem},
  booktitle={International Symposium On Leveraging Applications of Formal Methods, Verification and Validation},
  pages={579--593},
  year={2010},
  organization={Springer}
}

@article{NuSVM_modelchecker,
  title={NuSMV: a new symbolic model checker},
  author={Cimatti, Alessandro and Clarke, Edmund and Giunchiglia, Fausto and Roveri, Marco},
  journal={International Journal on Software Tools for Technology Transfer},
  volume={2},
  number={4},
  pages={410--425},
  year={2000},
  publisher={Springer}
}

@article{compare_spin_uppaal,
  title={Analyzing a $\chi$ model of a turntable system using Spin, CADP and Uppaal},
  author={Bortnik, Elena and Tr{\v{c}}ka, Nikola and Wijs, Anton J and Luttik, Bas and van de Mortel-Fronczak, Joanna M and Baeten, Jos CM and Fokkink, Willem J and Rooda, JE},
  journal={The Journal of Logic and Algebraic Programming},
  volume={65},
  number={2},
  pages={51--104},
  year={2005},
  publisher={Elsevier}
}

---------- Data Minimization papers

------------------------- Trashcan
-- PbD, TBRemoved
@article{schaar2010privacy,
  title={Privacy by design},
  author={Schaar, Peter},
  journal={Identity in the Information Society},
  volume={3},
  number={2},
  pages={267--274},
  year={2010},
  publisher={Springer}
}

-- Not as relevant, not focused on DM, TBRemoved
@inproceedings{barnickel2010security,
  title={Security and privacy for mobile electronic health monitoring and recording systems},
  author={Barnickel, Johannes and Karahan, Hakan and Meyer, Ulrike},
  booktitle={World of Wireless Mobile and Multimedia Networks (WoWMoM), 2010 IEEE International Symposium on a},
  pages={1--6},
  year={2010},
  organization={IEEE}
}

---------------------------------- End of trashcan

Terminology paper for DM.
@article{pfitzmann2010terminology,
  title={A terminology for talking about privacy by data minimization: Anonymity, unlinkability, undetectability, unobservability, pseudonymity, and identity management},
  author={Pfitzmann, Andreas and Hansen, Marit},
  year={2010}
}

Privacy Enhancing Identity Management, PE-IMS
@article{hansen2004privacy,
  title={Privacy-enhancing identity management},
  author={Hansen, Marit and Berlich, Peter and Camenisch, Jan and Clau{\ss}, Sebastian and Pfitzmann, Andreas and Waidner, Michael},
  journal={Information security technical report},
  volume={9},
  number={1},
  pages={35--44},
  year={2004},
  publisher={Elsevier}
}